@book{Piva2014,
    author      	= {Dilermando Piva and Gilberto Nakamiti and Francisco Bianchi and Ricardo L. Freitas and Leandro Xastre},
    address     	= {S{\~a}o Paulo},    
    publisher   	= {Elsevier},
    title       	= {Estrutura de Dados e T{\'e}cnicas de Programa{\c{c}}{\~a}o},
    isbn       		= {9788535274387},
    year        	= 2014
} 
@book{Deitel2010,
    title		= {Java: como programar},
    address     	= {S{\~a}o Paulo},      
    author		= {Deitel, H. and Deitel, P.},
    isbn		= {97885760501947},
    year		= {2010},
    edition		= {8},
    publisher		= {Pearson Prentice Hall}
}
@book{Ziviani2011,
    title		= {Projeto de Algoritmos: com implementa\c{c}\~oes em Pascal e C},
    author		= {Ziviani, N.},
    isbn		= {9788522110506},
    address     	= {S{\~a}o Paulo},  
    year		= {2011},
    publisher		= {Cengage Learning}
}
@book{Sedgewick2011, 
    author 		= {Sedgewick, Robert and Wayne, Kevin},
    isbn 		= {978-0-321-57351-3},
    pages 		= {I-XII, 1-955},
    publisher 		= {Addison-Wesley},
    title 		= {Algorithms, 4th Edition.},
    address     	= {Boston},  
    year 		= 2011
}
@book{Cormen2012,
    author 		= {T.~H. Cormen and C.~E. Leiserson and R.~L. Rivest and C.~Stein},
    address		= {S{\~a}o Paulo},
    edition 		= {3},
    publisher 		= {Campus},
    title 		= {Algoritmos: Teoria e Pr{\'a}tica},
    year 		= {2012},
    isbn 		= {978-0-262-03384-8}
}
@book{Oliveira2011,
    author 		= {S. L. G. Oliveira},
    address		= {Lavras},
    edition 		= {1},
    publisher 		= {Editora UFLA},
    title 		= {Algoritmos e seus fundamentos},
    year 		= {2011}
}
@book{Barnes2009,
    author 		= {David J. Barnes and Michael K{\"o}lling},
    address		= {São Paulo},
    edition 		= {4},
    publisher 		= {Pearson},
    title 		= {Programação orientada a objetos com java: Uma introdução prática usando Bluej},
    year 		= {2009}
}
@book{Sebesta2011,
    author 		= {Robert W. Sebesta},
    address		= {Porto Alegre},
    edition 		= {9},
    pages 		= {792},    
    publisher 		= {Bookman},
    title 		= {Conceitos de Linguagens de Programação},
    year 		= {2011}
}
@book{Knuth1997,
     author = {Knuth, Donald E.},
     title = {The Art of Computer Programming, Volume 2 (3rd Ed.): Seminumerical Algorithms},
     year = {1997},
     isbn = {0-201-89684-2},
     publisher = {Addison-Wesley Longman Publishing Co., Inc.},
     address = {Boston, MA, USA},
} 
@inproceedings{Bayer1970,
    author = {Bayer, R. and McCreight, E.},
    title = {Organization and Maintenance of Large Ordered Indices},
    booktitle = {Proceedings of the 1970 ACM SIGFIDET (Now SIGMOD) Workshop on Data Description, Access and Control},
    series = {SIGFIDET '70},
    year = {1970},
    location = {Houston, Texas},
    pages = {107--141},
    numpages = {35},
    url = {http://doi.acm.org/10.1145/1734663.1734671},
    doi = {10.1145/1734663.1734671},
    acmid = {1734671},
    publisher = {ACM},
    address = {New York, NY, USA},
    keywords = {data structures, dynamic index maintenance, information retrieval, key deletion, key insertion, key retrieval, paging, random access files}
} 

