@book{Piva2014,
    author      	= {Dilermando Piva and Gilberto Nakamiti and Francisco Bianchi and Ricardo L. Freitas and Leandro Xastre},
    address     	= {S{\~a}o Paulo},    
    publisher   	= {Elsevier},
    title       	= {Estrutura de Dados e T{\'e}cnicas de Programa{\c{c}}{\~a}o},
    isbn       		= {9788535274387},
    year        	= 2014
} 
@book{Deitel2010,
    title		= {Java: como programar},
    address     	= {S{\~a}o Paulo},      
    author		= {Deitel, H. and Deitel, P.},
    isbn		= {97885760501947},
    year		= {2010},
    edition		= {8},
    publisher		= {Pearson Prentice Hall}
}
@book{Ziviani2011,
    title		= {Projeto de Algoritmos: com implementa\c{c}\~oes em Pascal e C},
    author		= {Ziviani, N.},
    isbn		= {9788522110506},
    address     	= {S{\~a}o Paulo},  
    year		= {2011},
    publisher		= {Cengage Learning}
}
@book{Sedgewick2011, 
    author 		= {Sedgewick, Robert and Wayne, Kevin},
    isbn 		= {978-0-321-57351-3},
    pages 		= {I-XII, 1-955},
    publisher 		= {Addison-Wesley},
    title 		= {Algorithms, 4th Edition.},
    address     	= {Boston},  
    year 		= 2011
}
@book{Cormen2012,
    author 		= {T.~H. Cormen and C.~E. Leiserson and R.~L. Rivest and C.~Stein},
    address		= {S{\~a}o Paulo},
    edition 		= {3},
    publisher 		= {Campus},
    title 		= {Algoritmos: Teoria e Pr{\'a}tica},
    year 		= {2012},
    isbn 		= {978-0-262-03384-8}
}
@book{Oliveira2011,
    author 		= {S. L. G. Oliveira},
    address		= {Lavras},
    edition 		= {1},
    publisher 		= {Editora UFLA},
    title 		= {Algoritmos e seus fundamentos},
    year 		= {2011}
}
@book{Barnes2009,
    author 		= {David J. Barnes and Michael K{\"o}lling},
    address		= {São Paulo},
    edition 		= {4},
    publisher 		= {Pearson},
    title 		= {Programação orientada a objetos com java: Uma introdução prática usando Bluej},
    year 		= {2009}
}
@book{Sebesta2011,
    author 		= {Robert W. Sebesta},
    address		= {Porto Alegre},
    edition 		= {9},
    pages 		= {792},    
    publisher 		= {Bookman},
    title 		= {Conceitos de Linguagens de Programação},
    year 		= {2011}
}
@book{Backes2016,
    author 		= {André Backes},
    address		= {São Paulo},
    edition     = {1},
    publisher 	= {Elsevier},
    title 		= {Estrutura de Dados Descomplicada - Em Linguagem C },
    year 		= {2016}
}

